
@inproceedings{routebricks,
 author = {Dobrescu, Mihai and Egi, Norbert and Argyraki, Katerina and Chun, Byung-Gon and Fall, Kevin and Iannaccone, Gianluca and Knies, Allan and Manesh, Maziar and Ratnasamy, Sylvia},
 title = {RouteBricks: exploiting parallelism to scale software routers},
 booktitle = {Proceedings of the ACM SIGOPS 22nd symposium on Operating systems principles},
 series = {SOSP '09},
 year = {2009},
 isbn = {978-1-60558-752-3},
 location = {Big Sky, Montana, USA},
 pages = {15--28},
 numpages = {14},
 url = {http://doi.acm.org/10.1145/1629575.1629578},
 doi = {http://doi.acm.org/10.1145/1629575.1629578},
 acmid = {1629578},
 publisher = {ACM},
 address = {New York, NY, USA},
 keywords = {multicore, parallelism, programmability, software router},
} 

@inproceedings{runtimepacketprocessing,
 author = {Wu, Qiang and Wolf, Tilman},
 title = {On runtime management in multi-core packet processing systems},
 booktitle = {Proceedings of the 4th ACM/IEEE Symposium on Architectures for Networking and Communications Systems},
 series = {ANCS '08},
 year = {2008},
 isbn = {978-1-60558-346-4},
 location = {San Jose, California},
 pages = {69--78},
 numpages = {10},
 url = {http://doi.acm.org/10.1145/1477942.1477953},
 doi = {http://doi.acm.org/10.1145/1477942.1477953},
 acmid = {1477953},
 publisher = {ACM},
 address = {New York, NY, USA},
} 

@inproceedings{dobrescu,
 author = {Dobrescu, Mihai and Argyraki, Katerina and Iannaccone, Gianluca and Manesh, Maziar and Ratnasamy, Sylvia},
 title = {Controlling parallelism in a multicore software router},
 booktitle = {Proceedings of the Workshop on Programmable Routers for Extensible Services of Tomorrow},
 series = {PRESTO '10},
 year = {2010},
 isbn = {978-1-4503-0467-2},
 location = {Philadelphia, Pennsylvania},
 pages = {2:1--2:6},
 articleno = {2},
 numpages = {6},
 url = {http://doi.acm.org/10.1145/1921151.1921154},
 doi = {http://doi.acm.org/10.1145/1921151.1921154},
 acmid = {1921154},
 publisher = {ACM},
 address = {New York, NY, USA},
} 

@article {readcopyupdate,
    author       = {Guniguntala, Dinakar and Mckenney, Paul E. and Triplett, Josh and Walpole, Jonathan},
    title        = {The read-copy-update mechanism for supporting real-time applications on shared-memory multiprocessor systems with linux.},
    year         = {2008},
    journal      = {IBM Systems Journal},
    volume       = {47},
    number       = {2},
    issn         = {0018-8670},
    pages        = {221-236},
    publisher    = {International Business Machines Corp., Armonk, NY},
    doi          = {10.1147/sj.472.0221},
    identifier   = {05922249},
}

@misc{radixiplookup,
Author={Eddie Kohler},
Title={RadixIPLookup documentation},
howpublished = "\url{http://read.cs.ucla.edu/click/elements/radixiplookup}",
}